 @misc{dtm,
   author = {维基百科},
   title = {数据挖掘 --- 维基百科{,} 自由的百科全书},
   year = {2018},
   url = {\url{https://zh.wikipedia.org/w/index.php?title=%E6%95%B0%E6%8D%AE%E6%8C%96%E6%8E%98&oldid=49405322}},
   note = {[Online; accessed 305 2018]}
 }